@article{healy2011choosing,
      title={Choosing Your Workflow Applications},
        author={Healy, Kieran},
          journal={The Political Methodologist},
            volume={18},
              number={2},
                pages={9--18},
                  year={2011}
}

@article{arribas2014,
      title={Open Workflows for Open Regional Science},
        author={Arribas-Bel, Daniel},
          journal={NARSC Newsletter},
            volume={2},
              number={1},
                pages={4},
                  year={2014}
}
